<collection xmlns="http://www.loc.gov/MARC21/slim">
<record>
  <leader>03976nam0a2200625 i 450 </leader>
  <controlfield tag="001">IT\ICCU\CNCE\039607</controlfield>
  <controlfield tag="005">20051109000000.0</controlfield>
  <datafield tag="012" ind1=" " ind2=" ">
    <subfield code="a">aqe- rute ini. peal (3) 1517 (A)</subfield>
    <subfield code="2">fei</subfield>
  </datafield>
  <datafield tag="100" ind1=" " ind2=" ">
    <subfield code="a">19981110d1517        0itac0103    ba</subfield>
  </datafield>
  <datafield tag="101" ind1=" " ind2=" ">
    <subfield code="a">LAT</subfield>
  </datafield>
  <datafield tag="102" ind1=" " ind2=" ">
    <subfield code="a">IT</subfield>
  </datafield>
  <datafield tag="200" ind1="1" ind2=" ">
    <subfield code="a">Disputationes diuersorum doctorum. Vincen. de Hercul. Christo. de Castelliono. Baldi de Perusio. Angeli da Perusio. Alex. de Imola. Pauli Turrentini. Hieronymi Zanitini. Benedicti de Plumbino. Bulgarini Senensis. Floriani</subfield>
  </datafield>
  <datafield tag="210" ind1=" " ind2=" ">
    <subfield code="a">\Pavia</subfield>
    <subfield code="c">Giovanni Giolito De Ferrari il vecchio!</subfield>
    <subfield code="e">Papie</subfield>
    <subfield code="g">impressa per magistrum Bernardinum de Garaldis</subfield>
    <subfield code="h">1517 die XX mensis Februarij</subfield>
  </datafield>
  <datafield tag="215" ind1=" " ind2=" ">
    <subfield code="a">156 \i.e. 155, \ 1! c.</subfield>
    <subfield code="d">fol</subfield>
  </datafield>
  <datafield tag="620" ind1=" " ind2=" ">
    <subfield code="a">IT</subfield>
    <subfield code="d">Pavia</subfield>
  </datafield>
  <datafield tag="702" ind1=" " ind2="1">
    <subfield code="a">Ubaldi,</subfield>
    <subfield code="b">Baldo : degli</subfield>
    <subfield code="3">IT\ICCU\CNCA\000077</subfield>
  </datafield>
  <datafield tag="702" ind1=" " ind2="1">
    <subfield code="a">Castiglione,</subfield>
    <subfield code="b">Cristoforo</subfield>
    <subfield code="3">IT\ICCU\CNCA\000197</subfield>
  </datafield>
  <datafield tag="702" ind1=" " ind2="1">
    <subfield code="a">Tartagni,</subfield>
    <subfield code="b">Alessandro</subfield>
    <subfield code="3">IT\ICCU\CNCA\001036</subfield>
  </datafield>
  <datafield tag="702" ind1=" " ind2="1">
    <subfield code="a">Ercolani,</subfield>
    <subfield code="b">Vincenzo</subfield>
    <subfield code="c"> &lt;m. 1539&gt;</subfield>
    <subfield code="3">IT\ICCU\CNCA\005085</subfield>
  </datafield>
  <datafield tag="702" ind1=" " ind2="1">
    <subfield code="a">Sampieri,</subfield>
    <subfield code="b">Floriano</subfield>
    <subfield code="3">IT\ICCU\CNCA\009420</subfield>
  </datafield>
  <datafield tag="702" ind1=" " ind2="1">
    <subfield code="a">Barzi,</subfield>
    <subfield code="b">Benedetto</subfield>
    <subfield code="3">IT\ICCU\CNCA\018577</subfield>
  </datafield>
  <datafield tag="702" ind1=" " ind2="1">
    <subfield code="a">Bulgarini,</subfield>
    <subfield code="b">Bulgarino</subfield>
    <subfield code="3">IT\ICCU\CNCA\018578</subfield>
  </datafield>
  <datafield tag="712" ind1="0" ind2="0">
    <subfield code="a">Giolito De Ferrari, Giovanni</subfield>
    <subfield code="c"> &lt;1.&gt;</subfield>
    <subfield code="3">IT\ICCU\CNCT\000472</subfield>
    <subfield code="4">650</subfield>
  </datafield>
  <datafield tag="712" ind1="0" ind2="0">
    <subfield code="a">Garaldi, Bernardino</subfield>
    <subfield code="3">IT\ICCU\CNCT\000275</subfield>
    <subfield code="4">650</subfield>
  </datafield>
  <datafield tag="790" ind1=" " ind2="0">
    <subfield code="a">Baldo</subfield>
    <subfield code="c"> : degli#Ubaldi</subfield>
    <subfield code="3">IT\ICCU\CNCA\007674</subfield>
    <subfield code="z">Ubaldi, Baldo : degli</subfield>
  </datafield>
  <datafield tag="790" ind1=" " ind2="0">
    <subfield code="a">Baldus</subfield>
    <subfield code="c"> : Perusinus</subfield>
    <subfield code="3">IT\ICCU\CNCA\007676</subfield>
    <subfield code="z">Ubaldi, Baldo : degli</subfield>
  </datafield>
  <datafield tag="790" ind1=" " ind2="0">
    <subfield code="a">Baldus</subfield>
    <subfield code="c"> : de#Perusio</subfield>
    <subfield code="3">IT\ICCU\CNCA\012449</subfield>
    <subfield code="z">Ubaldi, Baldo : degli</subfield>
  </datafield>
  <datafield tag="790" ind1=" " ind2="0">
    <subfield code="a">Baldus</subfield>
    <subfield code="c"> &lt;giurista&gt;</subfield>
    <subfield code="3">IT\ICCU\CNCA\023536</subfield>
    <subfield code="z">Ubaldi, Baldo : degli</subfield>
  </datafield>
  <datafield tag="790" ind1=" " ind2="1">
    <subfield code="a">Castelliono,</subfield>
    <subfield code="b">Christophorus : de</subfield>
    <subfield code="3">IT\ICCU\CNCA\018574</subfield>
    <subfield code="z">Castiglione, Cristoforo</subfield>
  </datafield>
  <datafield tag="790" ind1=" " ind2="1">
    <subfield code="a">Castellionus,</subfield>
    <subfield code="b">Christophorus</subfield>
    <subfield code="3">IT\ICCU\CNCA\018575</subfield>
    <subfield code="z">Castiglione, Cristoforo</subfield>
  </datafield>
  <datafield tag="790" ind1=" " ind2="1">
    <subfield code="a">Castiglioni,</subfield>
    <subfield code="b">Cristoforo</subfield>
    <subfield code="3">IT\ICCU\CNCA\018576</subfield>
    <subfield code="z">Castiglione, Cristoforo</subfield>
  </datafield>
  <datafield tag="790" ind1=" " ind2="0">
    <subfield code="a">Alessandro</subfield>
    <subfield code="c"> : d&apos;Imola</subfield>
    <subfield code="3">IT\ICCU\CNCA\007562</subfield>
    <subfield code="z">Tartagni, Alessandro</subfield>
  </datafield>
  <datafield tag="790" ind1=" " ind2="1">
    <subfield code="a">Tartagna,</subfield>
    <subfield code="b">Alessandro</subfield>
    <subfield code="3">IT\ICCU\CNCA\014966</subfield>
    <subfield code="z">Tartagni, Alessandro</subfield>
  </datafield>
  <datafield tag="790" ind1=" " ind2="0">
    <subfield code="a">Alexander</subfield>
    <subfield code="c"> : Imolensis</subfield>
    <subfield code="3">IT\ICCU\CNCA\014967</subfield>
    <subfield code="z">Tartagni, Alessandro</subfield>
  </datafield>
  <datafield tag="790" ind1=" " ind2="1">
    <subfield code="a">Tartagnus,</subfield>
    <subfield code="b">Alexander</subfield>
    <subfield code="3">IT\ICCU\CNCA\020820</subfield>
    <subfield code="z">Tartagni, Alessandro</subfield>
  </datafield>
  <datafield tag="790" ind1=" " ind2="1">
    <subfield code="a">Herculanis,</subfield>
    <subfield code="b">Vincentius : de</subfield>
    <subfield code="c"> &lt;m. 1539&gt;</subfield>
    <subfield code="3">IT\ICCU\CNCA\014187</subfield>
    <subfield code="z">Ercolani, Vincenzo &lt;m. 1539&gt;</subfield>
  </datafield>
  <datafield tag="790" ind1=" " ind2="0">
    <subfield code="a">Vincenzo</subfield>
    <subfield code="c"> : dal#Fregio</subfield>
    <subfield code="c"> &lt;m. 1539&gt;</subfield>
    <subfield code="3">IT\ICCU\CNCA\018750</subfield>
    <subfield code="z">Ercolani, Vincenzo &lt;m. 1539&gt;</subfield>
  </datafield>
  <datafield tag="790" ind1=" " ind2="1">
    <subfield code="a">Herculanus,</subfield>
    <subfield code="b">Vincentius</subfield>
    <subfield code="c"> &lt;m. 1539&gt;</subfield>
    <subfield code="3">IT\ICCU\CNCA\023314</subfield>
    <subfield code="z">Ercolani, Vincenzo &lt;m. 1539&gt;</subfield>
  </datafield>
  <datafield tag="790" ind1=" " ind2="0">
    <subfield code="a">Florianus</subfield>
    <subfield code="c"> : de#Sancto Petro</subfield>
    <subfield code="3">IT\ICCU\CNCA\020706</subfield>
    <subfield code="z">Sampieri, Floriano</subfield>
  </datafield>
  <datafield tag="790" ind1=" " ind2="1">
    <subfield code="a">Sancto Petro,</subfield>
    <subfield code="b">Florianus : de</subfield>
    <subfield code="3">IT\ICCU\CNCA\020707</subfield>
    <subfield code="z">Sampieri, Floriano</subfield>
  </datafield>
  <datafield tag="790" ind1=" " ind2="0">
    <subfield code="a">Benedictus</subfield>
    <subfield code="c"> : de#Plumbino</subfield>
    <subfield code="3">IT\ICCU\CNCA\019425</subfield>
    <subfield code="z">Barzi, Benedetto</subfield>
  </datafield>
  <datafield tag="790" ind1=" " ind2="1">
    <subfield code="a">Bargi,</subfield>
    <subfield code="b">Benedetto</subfield>
    <subfield code="3">IT\ICCU\CNCA\019426</subfield>
    <subfield code="z">Barzi, Benedetto</subfield>
  </datafield>
  <datafield tag="790" ind1=" " ind2="0">
    <subfield code="a">Bulgarinus</subfield>
    <subfield code="c"> : Senensis</subfield>
    <subfield code="3">IT\ICCU\CNCA\018760</subfield>
    <subfield code="z">Bulgarini, Bulgarino</subfield>
  </datafield>
  <datafield tag="790" ind1=" " ind2="1">
    <subfield code="a">Bulgarinise,</subfield>
    <subfield code="b">Bulgarino : de</subfield>
    <subfield code="3">IT\ICCU\CNCA\019364</subfield>
    <subfield code="z">Bulgarini, Bulgarino</subfield>
  </datafield>
  <datafield tag="791" ind1="0" ind2="0">
    <subfield code="a">Iolitus, Ioannes</subfield>
    <subfield code="3">IT\ICCU\CNCT\003848</subfield>
    <subfield code="z">Giolito De Ferrari, Giovanni &lt;1.&gt;</subfield>
  </datafield>
  <datafield tag="791" ind1="0" ind2="0">
    <subfield code="a">Giolitto, Giovanni</subfield>
    <subfield code="3">IT\ICCU\CNCT\004887</subfield>
    <subfield code="z">Giolito De Ferrari, Giovanni &lt;1.&gt;</subfield>
  </datafield>
  <datafield tag="791" ind1="0" ind2="0">
    <subfield code="a">Giolitus, Ioannes alias Ferrarius</subfield>
    <subfield code="3">IT\ICCU\CNCT\004888</subfield>
    <subfield code="z">Giolito De Ferrari, Giovanni &lt;1.&gt;</subfield>
  </datafield>
  <datafield tag="791" ind1="0" ind2="0">
    <subfield code="a">Garaldis, Bernardinus de</subfield>
    <subfield code="3">IT\ICCU\CNCT\004828</subfield>
    <subfield code="z">Garaldi, Bernardino</subfield>
  </datafield>
  <datafield tag="791" ind1="0" ind2="0">
    <subfield code="a">Garaldus, Bernardinus</subfield>
    <subfield code="3">IT\ICCU\CNCT\004830</subfield>
    <subfield code="z">Garaldi, Bernardino</subfield>
  </datafield>
  <datafield tag="801" ind1=" " ind2="3">
    <subfield code="a">IT</subfield>
    <subfield code="b">ICCU</subfield>
    <subfield code="c">20201114</subfield>
  </datafield>
  <datafield tag="899" ind1=" " ind2=" ">
    <subfield code="a">Biblioteca comunale Passerini Landi. Piacenza</subfield>
    <subfield code="1">PC0030</subfield>
    <subfield code="2">PIA PL</subfield>
  </datafield>
  <datafield tag="899" ind1=" " ind2=" ">
    <subfield code="a">Biblioteca Oliveriana. Pesaro</subfield>
    <subfield code="z">MUTILO</subfield>
    <subfield code="1">PU0061</subfield>
    <subfield code="2">URB OL</subfield>
  </datafield>
  <datafield tag="899" ind1=" " ind2=" ">
    <subfield code="a">Biblioteca nazionale centrale. Roma</subfield>
    <subfield code="1">RM0267</subfield>
    <subfield code="2">BVE CR</subfield>
  </datafield>
  <datafield tag="911" ind1=" " ind2=" ">
    <subfield code="a">Sul front.</subfield>
    <subfield code="9">IT\ICCU\CNCM\000315</subfield>
  </datafield>
  <datafield tag="921" ind1=" " ind2=" ">
    <subfield code="a">IT\ICCU\CNCM\000315</subfield>
    <subfield code="b">Guerriero armato di spada, con la mano appoggiata su uno scudo. Nello scudo le iniziali IGS e doppia croce. Sopra lo scudo una sorta di caduceo.</subfield>
    <subfield code="c">K126</subfield>
    <subfield code="c">Z839</subfield>
    <subfield code="f">CADUCEO</subfield>
    <subfield code="f">GUERRIERO</subfield>
    <subfield code="f">IGS</subfield>
    <subfield code="f">SCUDO</subfield>
    <subfield code="g">1504-1520</subfield>
  </datafield>
</record>
</collection>
